%! Author = kyoto
%! Date = 25.09.2023

